@article{yotov2005search,
  title={Is search really necessary to generate high-performance BLAS?},
  author={Yotov, Kamen and Li, Xiaoming and Ren, Gang and Garzaran, MJS and Padua, David and Pingali, Keshav and Stodghill, Paul},
  journal={Proceedings of the IEEE},
  volume={93},
  number={2},
  pages={358--386},
  year={2005},
  publisher={IEEE}
}

@article{sui2016proactive,
  title={Proactive control of approximate programs},
  author={Sui, Xin and Lenharth, Andrew and Fussell, Donald S and Pingali, Keshav},
  journal={ACM SIGOPS Operating Systems Review},
  volume={50},
  number={2},
  pages={607--621},
  year={2016},
  publisher={ACM}
}

@inproceedings{ansel2011language,
  title={Language and compiler support for auto-tuning variable-accuracy algorithms},
  author={Ansel, Jason and Wong, Yee Lok and Chan, Cy and Olszewski, Marek and Edelman, Alan and Amarasinghe, Saman},
  booktitle={Proceedings of the 9th Annual IEEE/ACM International Symposium on Code Generation and Optimization},
  pages={85--96},
  year={2011},
  organization={IEEE Computer Society}
}

@inproceedings{baek2010green,
  title={Green: a framework for supporting energy-conscious programming using controlled approximation},
  author={Baek, Woongki and Chilimbi, Trishul M},
  booktitle={ACM Sigplan Notices},
  volume={45},
  number={6},
  pages={198--209},
  year={2010},
  organization={ACM}
}

@inproceedings{sidiroglou2011managing,
  title={Managing performance vs. accuracy trade-offs with loop perforation},
  author={Sidiroglou-Douskos, Stelios and Misailovic, Sasa and Hoffmann, Henry and Rinard, Martin},
  booktitle={Proceedings of the 19th ACM SIGSOFT symposium and the 13th European conference on Foundations of software engineering},
  pages={124--134},
  year={2011},
  organization={ACM}
}

@inproceedings{swaminathan2015case,
  title={A case for approximate computing in real-time mobile cognition},
  author={Swaminathan, Karthik and Lin, Chung-Ching and Vega, Augusto and Buyuktosunoglu, Alper and Bose, Pradip and Pankanti, Sharathchandra},
  booktitle={Second Workshop on Approximate Computing Across the System Stack, WACAS},
  year={2015}
}

@incollection{bottou2010large,
  title={Large-scale machine learning with stochastic gradient descent},
  author={Bottou, L{\'e}on},
  booktitle={Proceedings of COMPSTAT'2010},
  pages={177--186},
  year={2010},
  publisher={Springer}
}

@inproceedings{rinard2007using,
  title={Using early phase termination to eliminate load imbalances at barrier synchronization points},
  author={Rinard, Martin C},
  booktitle={ACM SIGPLAN Notices},
  volume={42},
  number={10},
  pages={369--386},
  year={2007},
  organization={ACM}
}

@inproceedings{rubio2013precimonious,
  title={Precimonious: Tuning assistant for floating-point precision},
  author={Rubio-Gonz{\'a}lez, Cindy and Nguyen, Cuong and Nguyen, Hong Diep and Demmel, James and Kahan, William and Sen, Koushik and Bailey, David H and Iancu, Costin and Hough, David},
  booktitle={Proceedings of the International Conference on High Performance Computing, Networking, Storage and Analysis},
  pages={27},
  year={2013},
  organization={ACM}
}

@article{schkufza2014stochastic,
  title={Stochastic optimization of floating-point programs with tunable precision},
  author={Schkufza, Eric and Sharma, Rahul and Aiken, Alex},
  journal={ACM SIGPLAN Notices},
  volume={49},
  number={6},
  pages={53--64},
  year={2014},
  publisher={ACM}
}
